<record><leader>00000cas a22000007a 4500</leader><controlfield tag="001">19731386</controlfield><controlfield tag="008">890518d18841898nduwr ne      0    0eng d</controlfield><datafield ind1=" " ind2=" " tag="010"><subfield code="a">sn 89074118 </subfield></datafield><datafield ind1=" " ind2=" " tag="040"><subfield code="a">NOP</subfield><subfield code="b">eng</subfield><subfield code="c">NOP</subfield><subfield code="d">OCLCQ</subfield></datafield><datafield ind1=" " ind2=" " tag="042"><subfield code="a">msc</subfield></datafield><datafield ind1="0" ind2="4" tag="082"><subfield code="a">071.84/53</subfield><subfield code="2">19</subfield></datafield><datafield ind1="0" ind2=" " tag="130"><subfield code="a">Winona times (Winona, N.D.)</subfield></datafield><datafield ind1="1" ind2="4" tag="245"><subfield code="a">The Winona times.</subfield></datafield><datafield ind1=" " ind2=" " tag="260"><subfield code="a">Winona, Emmons County, D.T. [N.D.] :</subfield><subfield code="b">Geo. J. Douglas</subfield></datafield><datafield ind1=" " ind2=" " tag="300"><subfield code="a">v. :</subfield><subfield code="b">il. ;</subfield><subfield code="c">56-61 cm.</subfield></datafield><datafield ind1=" " ind2=" " tag="310"><subfield code="a">Weekly</subfield></datafield><datafield ind1="1" ind2=" " tag="362"><subfield code="a">Began in 1884; ceased Dec. 29, 1898?</subfield></datafield><datafield ind1=" " ind2=" " tag="500"><subfield code="a">Official paper of Emmons County, 1891-1898.</subfield></datafield><datafield ind1=" " ind2=" " tag="530"><subfield code="a">Available on microfilm from the State Historical Society of North Dakota.</subfield></datafield><datafield ind1=" " ind2=" " tag="588"><subfield code="a">Description based on: Vol. 3, no. 22 (Aug. 18, 1887).</subfield></datafield><datafield ind1=" " ind2=" " tag="752"><subfield code="a">United States</subfield><subfield code="b">North Dakota</subfield><subfield code="c">Emmons</subfield><subfield code="d">Winona.</subfield></datafield><datafield ind1="0" ind2="0" tag="785"><subfield code="t">Emmons County Republican and the Winona times</subfield><subfield code="w">(DLC)sn 89074119</subfield></datafield><datafield ind1="1" ind2=" " tag="029"><subfield code="a">AU@</subfield><subfield code="b">000027396054</subfield></datafield></record>